
@inbook{
  schneiderCattellHornCarrollTheoryCognitive2018,
  place={New York},
  edition={4},
  title={The Cattell-Horn-Carroll theory of cognitive abilities},
  ISBN={978-1-4625-3578-1},
  url={https://www.guilford.com/books/Contemporary-Intellectual-Assessment/Flanagan-McDonough/9781462552030},
  booktitle={Contemporary intellectual assessment: Theories, tests, and issues},
  publisher={Guilford Press},
  author={Schneider, William Joel and McGrew, Kevin S},
  editor={Flanagan, Dawn P. and McDonough, Erin M.},
  year={2018},
pages={73–130} }

@inbook{
  schneiderCattellHornCarrollTheoryCognitive2018,
  place={New York},
  edition={4},
  title={The Cattell-Horn-Carroll theory of cognitive abilities},
  ISBN={978-1-4625-3578-1},
  url={https://www.guilford.com/books/Contemporary-Intellectual-Assessment/Flanagan-McDonough/9781462552030},
  booktitle={Contemporary intellectual assessment: Theories, tests, and issues},
  publisher={Guilford Press},
  author={Schneider, William Joel and McGrew, Kevin S},
  editor={Flanagan, Dawn P. and McDonough, Erin M.},
  year={2018},
pages={73–130} }

@inbook{
  schneiderCattellHornCarrollTheoryCognitive2018,
  place={New York},
  edition={4},
  title={The Cattell-Horn-Carroll theory of cognitive abilities},
  ISBN={978-1-4625-3578-1},
  url={https://www.guilford.com/books/Contemporary-Intellectual-Assessment/Flanagan-McDonough/9781462552030},
  booktitle={Contemporary intellectual assessment: Theories, tests, and issues},
  publisher={Guilford Press},
  author={Schneider, William Joel and McGrew, Kevin S},
  editor={Flanagan, Dawn P. and McDonough, Erin M.},
  year={2018},
pages={73–130} }
