
@article{smith2020data,
  title={Data management failures in healthcare},
  author={Smith, John},
  journal={Journal of Health Data},
  year={2020},
  volume={15},
  number={4},
  pages={123--135}
}

@misc{breastcancerdata,
  title = {Breast Cancer Wisconsin (Diagnostic) Data Set},
  author = {UCI Machine Learning Repository},
  year = {2024},
  url = {https://archive.ics.uci.edu/ml/datasets/Breast+Cancer+Wisconsin+(Diagnostic)}
}
